5194 3440
1968 248 200 103 but

2170 244 273 114 when

472 347 196 83 unite
474 230 126 133 the
631 281 258 78 name
921 264 112 139 of
1041 248 173 97 the
1212 236 362 150 place is
1289 346 331 188 george
1624 255 319 136 Bidley
1656 339 260 99 south
1925 335 307 122 heights
2233 346 266 98 street
2451 286 241 114 your
2488 366 179 73 143.

2837 226 665 494 OF
4809 587 119 148 of

3001 657 148 63 jar
3165 625 231 96 Father
3402 658 51 64 &
3478 618 287 107 mother.
3605 726 214 116 lines
3829 573 356 213 Again
4065 749 61 69 &
4119 697 550 150 Pumbrace
4212 657 121 60 an
4343 584 481 191 opportunity
4694 718 154 109 it.
4829 703 139 118 two

2777 815 250 152 letters
3074 861 152 98 had
3137 775 218 143 you
3245 839 193 122 been
3378 779 57 48 in
3380 735 211 173 a fee
3467 861 239 102 sent
3715 879 132 75 in
3826 747 228 158 offers
3870 845 154 114 the
4059 823 513 184 Birosperity.
4575 820 188 156 lately
4722 822 245 172 from
4843 917 166 151 P

2763 973 132 91 this
2885 953 319 192 formation
3268 966 448 157 Londondary;
3722 957 184 113 this
3885 991 235 156 goes
4132 933 128 173 by
4260 954 128 90 the
4412 929 481 171 Consoligan
4840 1051 137 97 his

2742 1170 367 168 merfies
2768 1111 147 58 am
3115 1192 319 142 hoping
3461 1226 196 124 you
3663 1213 68 67 of
3721 1198 150 88 all
3860 1220 181 113 my
4024 1169 584 200 friends Denjoy
4029 1280 181 99 that
4587 1274 131 75 all
4693 1243 315 150 withing

2934 1111 128 66 in
3048 1043 229 209 good
3287 1063 265 124 treath
3549 1061 520 186 art present
4074 1054 301 136 thank
4760 1195 215 67 same

2747 1282 514 138 inconternable
3274 1278 344 176 blysing
3621 1267 184 127 D
3784 1280 232 109 heard
3858 1368 274 129 Wilson
4140 1367 167 96 who
4196 1308 166 98 you
4316 1358 310 103 arrived
4631 1329 376 145 heretately.

2741 1413 137 134 the
2892 1405 557 172 information
3082 1513 235 109 stated
3328 1511 175 100 that
3445 1399 99 136 of
3504 1532 165 101 my
3539 1382 290 151 Henry
3680 1532 106 54 in
3704 1466 380 133 intention
3976 1556 214 126 but
4108 1499 184 63 was
4180 1558 133 94 the
4298 1462 101 86 to
4347 1549 239 142 length
4378 1482 130 126 go
4532 1448 226 138 as far
4575 1560 108 143 of
4671 1538 362 175 the poston
4776 1476 99 58 as
4863 1469 242 126 eye

2755 1602 474 207 Greensting.
2795 1506 275 136 Phad
3238 1604 229 108 where
3444 1583 340 207 joseph
3451 1711 141 88 the
3611 1697 206 139 days.
3780 1577 195 112 lives
3802 1655 483 200 prevented
4299 1758 214 108 than
4301 1697 159 59 me
4498 1622 505 170 as Phantage
4517 1735 406 201 Response

2739 1844 271 108 much
2759 1752 182 92 and
2947 1713 387 172 shortneys
2998 1820 336 189 farther
3239 1930 127 99 ten
3349 1723 99 137 of
3354 1817 156 94 this
3391 1921 255 104 muchs
3498 1809 215 146 augh
3655 1944 126 64 in
3727 1802 140 92 the
3783 1913 150 90 the
3906 1757 379 142 country.
3935 1885 286 117 states,
4237 1917 51 60 I
4706 2004 206 68 now
4733 1854 208 106 time

2721 1925 282 155 Pass
2987 2041 255 161 effort
3018 1980 202 66 now
3240 2047 135 107 (on
3390 2066 165 96 my
3541 2007 284 170 part
3679 2098 306 138 Pihave
3815 2010 162 105 has
3976 2004 199 107 been
4006 2089 392 125 travelled
4187 2018 274 98 used.
4379 2086 219 145 five
4495 1985 204 149 only
4609 2067 288 114 weeks

2736 2060 243 125 every
2736 2124 217 131 have
2950 2138 193 162 got
3141 2180 58 53 a
3232 2125 473 123 situation.
4527 2190 135 94 the
4680 2173 253 104 times

2741 2250 310 149 through
2970 2363 201 103 dull.
3076 2252 124 96 the
3193 2338 227 109 those
3236 2232 344 138 country.
3440 2367 108 62 in
3573 2312 488 133 situations
3588 2257 60 67 if
3654 2247 123 69 in
3795 2248 217 121 every
4086 2342 214 98 may
4348 2291 256 106 make
4611 2416 85 73 to
4612 2264 386 174 officiently
4703 2401 335 115 incounter

2742 2443 408 154 will is but
2747 2382 183 129 very
3160 2496 59 52 a
3237 2434 413 156 stranger
3653 2449 162 85 has
3782 2534 308 115 times.
3823 2456 299 97 many
4096 2526 277 112 Phane
4143 2402 459 182 difficulties
4366 2529 199 147 get
4574 2552 46 48 a
4611 2495 222 159 good
4786 2500 241 156 place

2738 2552 353 139 however
3116 2563 497 144 considering
3411 2643 165 95 the
3570 2644 190 135 City
3779 2637 198 107 but
3973 2664 116 67 in
4093 2647 238 91 tind
4346 2648 301 145 again
4663 2630 336 141 spring

3635 2551 145 97 the

2737 2770 119 102 to
2749 2656 138 118 14
2898 2658 250 106 miles
3138 2655 256 165 from
3261 2761 97 92 to
3373 2728 531 184 New york
3928 2729 199 110 there
4157 2725 184 102 has
4351 2848 96 95 to
4359 2724 205 101 been
4580 2772 119 47 no
4710 2724 313 150 appari-
4721 2833 299 159 as pet

2702 2974 222 94 (and
2759 3046 388 116 British
2949 2973 273 117 Pam
3188 3042 382 106 settlem
3566 3054 231 114 ents.
3830 3072 112 57 as
3949 3040 180 117 they
4174 3079 150 51 are
4347 3051 140 112 by
4481 3033 176 140 for

2750 2867 327 152 tunity
3088 2875 158 141 for
3234 2979 209 84 well
3263 2913 154 58 me
3461 2953 469 121 contented
3956 2943 210 106 that
4164 2952 102 90 he
4277 2944 424 143 shapped
4662 3043 127 94 the
4800 3031 226 104 best.

2856 2753 396 165 forward
3443 2871 94 89 to
3538 2849 141 109 have
3650 2855 206 113 letter
3842 2818 481 213 formanded
4452 2845 254 138 John
4703 2973 134 67 in
4850 2949 171 95 the

715 361 174 99 to
725 462 173 108 been
924 358 121 103 to
1056 373 130 87 the
1208 351 237 113 land
1454 396 151 67 in
1615 386 179 84 this
1831 381 361 133 Country,
2208 424 119 54 as
2297 371 213 155 ifax
2543 422 127 54 as
2676 381 313 122 Phane
3087 362 272 102 what
3371 358 150 103 it
3504 364 299 148 really
3811 359 480 99 doesn't
4297 373 247 75 seem

4557 324 152 106 to

4702 321 129 112 be

4824 334 131 99 to

699 619 126 71 in
833 586 233 155 fact
1067 594 219 98 there
1310 618 112 61 is
1427 600 367 147 nothing.
1789 601 129 81 to
1919 631 104 54 in
2028 620 203 66 duce
2174 709 117 39 un
2257 639 213 107 any
2449 607 372 134 person
2842 619 113 81 to
3015 638 236 95 arell
3247 625 247 87 well
3524 580 178 119 the
3720 628 288 56 name
4049 579 110 122 of
4167 598 62 53 a
4207 545 454 181 foreigner
4681 580 101 51 is
4791 558 229 79 mat
5011 570 127 51 CO

933 479 352 149 through
1308 484 129 91 it
1435 488 132 80 it
1555 505 114 64 is
1688 503 209 108 very
1898 489 242 121 pear
2143 501 305 133 unily
2445 534 123 47 in
2603 511 469 136 some places
3094 469 256 168 Those
3378 484 317 101 whom
3718 461 144 99 P
3838 515 220 46 men
4060 471 314 77 tiased
4387 478 122 58 in

4947 370 329 107 many

4531 465 219 111 my

4758 445 227 85 last

4980 427 260 104 letter

700 721 218 91 Come
700 829 136 88 the
867 817 226 97 last
949 709 119 94 to
1064 712 126 101 it
1098 858 235 66 war;
1186 738 107 67 so
1315 710 266 140 many
1349 809 132 91 the
1533 847 367 55 owners
1592 702 341 99 Banks
1926 806 378 122 cannot
1940 686 201 108 been
2093 748 144 113 gy
2238 709 445 97 chartered
2271 805 229 156 pay
2524 811 158 85 the
2677 709 346 176 during
3052 767 251 92 well
3325 715 420 149 relished
3761 720 210 99 here
4026 753 124 51 as
4027 787 228 124 but
4160 656 507 193 formerly
4603 796 108 79 to
4648 667 138 104 P
4714 772 111 101 be
4773 663 203 92 have
4813 757 482 112 remembered
4984 704 125 43 no
5116 693 190 53 more

1064 969 137 75 in
1245 939 346 140 sprecie,
1613 956 65 59 &
1705 925 164 84 this
1897 943 105 60 is
2009 919 144 81 the
2179 945 256 58 cause
2461 931 106 129 of
2661 805 320 146 paper
2801 925 197 97 delp.
3139 892 148 86 at
3297 862 390 146 present
3686 845 110 94 to
3814 849 195 78 add
4270 815 306 90 desire
4808 870 225 119 and
5041 881 184 101 also

680 1264 497 151 Prannit
689 1192 101 89 to
692 982 347 114 money
702 1087 363 125 recion.
835 1215 487 54 pommiee
1075 1109 136 49 me
1236 1061 244 94 have
1352 1194 145 66 in
1390 1271 144 89 the
1513 1052 219 91 had
1533 1143 421 174 England
1566 1268 310 131 salary
1685 1117 268 88 C
1742 1077 257 50 rum
1894 1249 114 134 of
1969 1165 52 63 &
2009 1230 151 106 the
2009 1010 284 156 anroya
2034 1134 159 87 also
2152 1219 282 153 place
2213 1163 110 45 on
2328 1028 232 77 civil
2342 1114 151 91 the
2433 1191 447 143 where Pge
2467 1095 545 112 Continent
2539 928 277 139 great
2560 1052 231 50 xuar
2799 1014 288 85 about
2894 1178 183 90 but
3142 1088 545 171 neighbours
3152 1263 225 120 your
3148 985 106 112 ta
3289 997 158 89 all
3399 1259 180 48 ever
3452 1014 197 89 my
3631 1184 490 167 affectionate
3646 948 381 162 friends
3696 1109 72 62 &
3798 1093 124 69 in
3956 1093 107 60 to
4078 1078 271 131 doing
4151 1187 69 62 &
4152 916 686 143 arguantances
4248 1156 288 150 loving
4370 1042 126 99 I
4482 1015 418 111 subsorth
4571 1172 194 61 San
4774 1162 123 61 un
4893 1128 130 82 til
4937 1004 352 128 myself
5010 1119 253 85 death

703 1500 224 97 have
959 1531 52 49 a
1000 1494 292 135 person
1312 1507 100 57 is
1442 1429 673 129 recommended
2103 1439 290 149 from
2418 1426 170 81 the
2611 1413 179 78 old
2761 1509 156 80 the
2777 1366 370 171 Country

708 1389 446 137 it appears
1182 1366 509 158 well enough
1183 1298 193 117 say
1676 1370 161 122 for
1850 1357 159 78 the
2029 1339 302 91 times.
2348 1320 133 92 it
2459 1320 331 93 matters
2797 1304 338 115 nothing

3789 1272 256 184 32
4048 1301 266 116 abort

688 1593 183 148 P
856 1593 210 107 had
1088 1589 119 93 to
1211 1613 255 115 urige
1317 1564 124 57 du
1508 1597 311 123 many
1845 1574 420 64 examin
2270 1534 325 86 atians
2612 1534 128 60 in

697 1718 184 139 City
895 1754 62 57 &
991 1703 104 101 be
1123 1732 262 70 records
1399 1683 379 104 mended
1805 1705 122 53 as
1939 1657 191 88 also
2150 1670 149 55 in
2337 1633 151 77 the
2505 1596 418 143 Country
2795 1682 174 112 P

693 1941 365 150 stopped
1084 1927 302 163 during
1423 1946 188 114 why
1635 1903 274 128 stay
1928 1876 266 107 with
2681 1813 368 173 george
2857 1922 133 99 he

717 1842 199 103 almo
918 1838 187 86 art
1103 1853 235 107 every
1349 1798 262 175 thing
1627 1788 176 94 here
1829 1815 91 57 is
1935 1762 273 126 cheap
2233 1712 564 161 appresent.

702 2053 188 97 (and
929 2046 116 135 if
1059 2021 302 114 Phad
1373 2009 193 108 been
1603 2017 170 91 his
1802 1994 371 107 brother
2202 1975 109 97 he
2373 1980 244 78 shuld
2628 1959 220 88 not
2729 2059 240 84 tion

706 2198 248 52 more
969 2140 283 150 frien
1269 2144 164 126 Ally
1474 2175 172 48 nor
1639 2134 227 133 pay
1892 2155 172 49 me
2070 2097 384 147 greater
2479 2070 244 91 atten

713 2238 365 134 Phane
1099 2260 210 80 not
1319 2249 391 84 written
1720 2275 111 49 as
1809 2236 222 140 yet.
2031 2227 92 78 to
2112 2201 267 160 find
2382 2154 120 146 I
2477 2176 285 114 hether
2767 2167 247 101 it is

679 2366 363 182 Joseph
1041 2363 178 85 who
1237 2336 216 108 lines
1477 2323 490 181 at Greens
1967 2308 227 187 burg,
2200 2289 205 113 but
2393 2294 230 105 will
2585 2408 96 81 to
2605 2291 347 138 shortly.

703 2449 268 172 D
968 2465 211 92 have
1209 2464 288 136 nothin
1438 2510 106 118 g
1544 2456 538 154 particular
2103 2411 506 158 at present
2672 2402 301 90 write,
2741 2508 218 84 ant

3100 2452 295 113 When
3418 2500 197 94 you
3624 2463 261 78 write
3888 2461 88 77 to
4004 2491 142 42 me
4189 2431 321 91 direct
4505 2426 88 80 to
4941 2370 356 197 George

704 2682 191 110 here
930 2692 105 95 to
1056 2677 522 151 relinquish.
1598 2668 158 99 the
1745 2654 367 164 Joblish
2108 2670 223 78 idea
2353 2653 329 92 until
2667 2617 308 101 times

708 2569 217 111 but
893 2603 208 127 give
1129 2611 190 101 my
1335 2604 303 57 advice
1662 2565 132 80 to
1792 2588 224 111 any
2000 2542 365 150 Jersen
2386 2540 341 130 caming

3071 2596 371 108 South
3451 2577 276 123 eighth
3743 2557 294 96 street
4043 2548 224 91 143
4263 2511 258 178 /Jahm
4544 2503 447 154 Detherg
4976 2486 330 114 eldest

694 2920 279 80 must
975 2923 104 72 do
1098 2939 197 62 here,
1309 2897 168 127 they
1486 2879 305 112 would
1802 2866 150 112 be
1959 2889 315 90 much
2269 2856 285 109 letter
2542 2893 122 58 in
2679 2848 141 94 it,
2811 2845 210 93 than

705 2810 218 136 get
928 2784 394 202 better for
1340 2800 110 128 if
1454 2811 308 128 many
1757 2775 311 90 would
2063 2775 117 96 do
2188 2722 493 134 inePreland
2700 2783 120 49 as
2818 2732 201 145 they

3110 2679 139 62 and
3131 2737 202 95 dan
3318 2709 283 157 glater
3637 2722 103 63 is
3767 2721 421 67 married
4210 2668 154 101 to
4358 2712 65 53 a
4420 2703 321 129 young
4781 2694 265 50 man
5012 2623 287 163 from

3267 2677 59 50 to
3345 2665 62 58 be
3405 2650 293 86 forehanded
3695 2649 69 58 to
3776 2663 106 36 me
3895 2642 81 66 as
3984 2625 217 94 Bidtey

3130 2858 402 128 Baphie

3974 2826 108 122 of
4079 2807 256 93 them
4349 2820 115 64 is
4478 2806 241 75 dead.
4701 2793 158 167 if
4830 2774 163 102 the
4988 2778 292 91 state

705 3012 120 108 to
850 3045 183 126 crap
1044 3020 168 87 the
1229 2988 499 119 Atlantic
1737 2975 167 111 but
1893 2985 216 106 there
2141 3009 325 129 caming
2486 3002 138 66 in
2638 3028 85 37 n
2735 3017 143 44 am
2887 3006 233 110 may

3201 2987 106 147 of
3329 2977 282 154 things
3631 3006 212 51 were
3874 2938 150 108 the
4028 2974 151 69 in
4193 2950 236 86 their
4423 2920 262 103 true
4718 2919 349 79 colours
5076 2938 133 54 as

733 3122 252 91 learn
1029 3167 149 46 an
1207 3118 571 143 important
1784 3102 323 131 lefson
2118 3086 116 144 by
2219 3089 355 163 finding
2586 3089 193 108 this
2799 3082 104 100 to
2900 3063 118 114 he

3227 3060 197 134 they
3450 3060 302 155 excist
3746 3084 318 122 many
4074 3033 342 119 would
4410 3052 198 87 not
4602 3008 277 116 believe
4893 3026 277 95 them
