2543 3275
309 200 279 41 O'Callaghan
608 200 178 33 Letters

1960 198 151 32 Letter
2133 197 153 32 Number

2326 175 15 56 /

313 277 174 34 Patrick
511 275 246 41 Callaghan,
784 275 101 32 Fort
907 276 174 37 Warren,
1118 270 211 44 (Boston),
1364 279 48 29 to
1435 276 77 35 his
1539 279 168 39 sister,
1735 279 198 42 Bridget,
1969 276 339 44 (Kilmacthomas,

435 333 69 32 Co.
533 328 274 42 Waterford),
840 330 23 34 9
883 331 130 33 March
1040 330 113 35 1882.

1964 331 98 41 Page
2086 332 76 34 One
2189 331 49 34 of
2262 332 77 33 Two

560 500 100 32 Fort
683 500 156 32 Warren
882 497 131 33 March
1039 496 26 37 9
1062 470 52 36 th
1138 497 49 35 82

433 601 54 42 My
513 598 100 34 dear
639 599 169 39 Sister,

814 674 25 32 I
863 673 199 34 received
1085 680 102 34 your
1216 671 145 35 letter

311 749 227 42 yesterday
565 747 73 34 and
660 756 77 25 was
765 755 121 34 sorry
914 751 49 29 to
986 746 101 34 hear
1115 755 97 33 poor

312 824 150 41 Johnny
487 823 117 34 died.
659 823 103 33 Your
788 821 124 42 grief
940 826 46 30 at
1011 822 102 33 home

309 901 100 28 must
437 899 50 33 be
514 897 216 34 terrible.
789 898 25 33 I
836 905 75 25 was
938 895 174 43 greatly

314 973 199 35 affected
535 971 153 43 myself
716 971 197 41 although
941 981 97 32 away
1067 971 99 34 from

312 1049 101 34 home
439 1047 150 42 nearly
616 1048 72 32 six
712 1055 143 34 years.
916 1048 24 32 I
962 1046 102 41 hope

314 1132 99 25 none
439 1122 49 34 of
516 1122 72 34 the
614 1125 99 31 rest
739 1120 49 34 of
812 1131 78 32 you
914 1125 74 38 got
1017 1123 63 31 it.

309 1199 80 33 You
417 1197 147 35 stated
587 1205 77 34 you
686 1195 153 36 wanted
865 1200 49 30 to
939 1200 73 37 get
1041 1205 23 24 a

316 1272 240 33 situation.
610 1269 104 35 Well
738 1279 76 32 you
840 1270 122 41 ought
990 1273 49 30 to
1067 1273 95 38 stay
1191 1273 46 30 at

312 1347 100 34 home
442 1347 72 34 for
540 1346 73 34 the
640 1349 191 39 present.
890 1346 49 33 If
962 1354 77 33 you
1065 1354 74 25 can

314 1427 73 38 get
415 1432 24 24 a
468 1422 223 34 situation
716 1422 49 32 in
790 1420 173 34 Ireland
991 1421 97 34 that
1117 1422 122 32 suits
1262 1430 78 33 you

315 1498 98 34 take
442 1498 63 32 it.
560 1497 77 33 But
660 1495 177 41 Bridget
862 1504 126 26 never
1015 1504 98 25 come

315 1576 48 30 to
387 1573 178 33 America
587 1569 151 35 unless
762 1579 77 33 you
862 1570 101 34 have
989 1576 101 26 some

314 1646 173 35 friends
512 1646 101 34 here
640 1646 97 34 that
760 1644 102 35 have
890 1655 24 24 a
937 1645 121 41 home,

315 1723 72 34 and
414 1731 74 25 can
516 1723 172 41 promise
711 1729 78 34 you
815 1730 24 25 a
865 1721 225 33 situation

315 1797 51 33 in
390 1805 24 24 a
438 1795 101 43 good
566 1794 166 43 family.
788 1795 98 33 Dont
914 1803 98 25 come
1039 1798 49 30 to

310 1942 127 47 /Page
460 1944 85 38 Two

313 2099 49 29 to
386 2096 178 33 America
587 2092 150 35 unless
761 2103 77 33 you
863 2098 74 38 get
965 2094 101 33 them

312 2169 270 34 conditions.
634 2167 153 35 You're
815 2178 24 24 a
862 2168 177 41 girl-I
1061 2178 76 25 was
1166 2178 23 25 a

311 2244 75 43 boy
415 2245 96 34 that
539 2244 124 34 could
691 2244 123 34 stand
840 2244 222 42 adversity
1090 2245 50 32 in

316 2330 71 32 any
414 2320 101 34 form
541 2320 72 33 and
640 2319 120 42 adapt
785 2318 153 44 myself
964 2323 48 30 to
1035 2329 52 32 my

313 2394 317 35 difficulties.
689 2393 100 35 I'11
810 2395 127 33 write
965 2402 96 26 some
1085 2402 102 25 more

313 2479 51 24 on
388 2470 99 34 this
516 2469 170 43 subject
716 2470 198 33 sometime
939 2469 99 34 else

314 2546 25 33 I
365 2545 97 34 tell
486 2554 77 32 you
590 2544 123 41 truly
740 2542 172 36 there's
936 2552 102 26 more
1064 2544 276 34 destitution

314 2621 50 32 in
391 2628 96 25 some
514 2619 50 34 of
590 2619 123 33 those
738 2620 176 32 Eastern
940 2620 169 39 cities,
1141 2618 73 34 and

315 2694 72 34 far
410 2703 102 25 more
538 2696 99 32 vice
664 2694 100 33 than
790 2695 50 32 in
864 2693 190 34 Ireland.

814 2770 48 32 It
888 2768 75 33 did
991 2770 197 40 surprise

309 2854 53 24 me
390 2854 24 24 a
441 2843 147 34 little
614 2847 49 30 to
687 2844 100 33 hear
811 2852 77 32 you
913 2846 75 38 got
1015 2852 49 25 an
1087 2843 253 42 Englishman

315 2918 197 42 learning
540 2918 189 42 farming.
785 2918 78 32 You
890 2917 98 34 also
1014 2917 199 33 remarked

312 58 275 44 O'Callaghan
607 59 179 33 Letters

2033 54 152 35 Letter
2208 54 153 33 Number
2418 37 17 54 /

312 136 174 36 Patrick
508 134 247 42 Callaghan,
788 134 22 34 9
831 134 130 34 March
988 132 98 36 1882
1141 129 266 44 (continued)

2037 131 99 41 Page
2158 132 79 32 Two
2262 129 49 34 of
2333 132 79 32 Two

308 285 102 34 what
436 283 102 35 Dada
564 282 98 35 said
689 282 122 35 about
833 281 177 42 working
1038 281 73 34 the
1134 281 128 34 D---1

314 363 72 30 out
413 357 50 34 of
486 357 94 33 him.
639 358 25 33 I
691 365 72 33 say
787 358 43 31 D.
864 356 73 34 and
961 365 77 33 you
1064 355 73 35 all
1163 355 123 43 ought

314 438 49 30 to
389 436 122 31 treat
535 432 80 34 him
634 432 103 34 with
760 432 202 34 kindness
990 431 73 34 and
1089 440 25 25 a
1137 439 151 33 respec

314 514 42 30 t.
410 509 127 40 Forty
564 507 148 42 pounds
740 516 25 25 a
785 515 101 34 year
915 507 47 32 is
989 515 24 25 a
1039 504 299 36 considerable

315 583 71 35 lot
413 582 50 34 of
485 590 129 33 money
640 581 218 42 anywhere,
886 580 177 35 besides

309 658 154 41 making
486 655 177 34 himself
687 654 169 34 useful.
910 656 77 32 Let
1013 658 75 30 not
1114 654 74 34 the
1212 654 101 43 boys

311 732 101 34 hurt
436 731 78 35 his
540 730 198 43 feelings
764 739 52 25 on
840 733 171 31 account
1039 729 49 34 of
1111 729 51 34 he
1185 728 128 43 being

315 818 49 25 an
387 806 268 42 Englishman.
714 807 73 33 Ive
815 805 225 35 travelled
1060 805 103 34 with

312 881 252 43 Englishmen
664 880 73 33 the
762 879 99 34 best
885 889 79 25 men

314 957 74 34 Ive
411 958 76 32 met
515 959 147 38 except
692 963 96 26 some
812 955 227 35 Americans

313 1103 126 46 /Page
459 1104 128 38 Three
595 1102 20 40 /

308 1256 81 34 You
416 1264 73 33 say
512 1263 77 33 you
613 1258 74 39 got
713 1263 51 25 no
790 1254 124 34 Irish
934 1253 154 35 Worlds

316 1331 123 33 since
465 1306 73 57 1st
563 1330 194 41 January.
810 1328 104 34 Well
940 1329 25 33 I
990 1335 174 36 suppose

314 1405 99 43 they
440 1412 74 26 are
542 1403 147 35 seized
716 1404 49 33 in
791 1403 189 35 Ireland.
1036 1404 177 33 However

315 1480 98 35 that
439 1487 125 35 paper
592 1476 122 36 shall
739 1485 51 34 go
816 1477 140 34 there.
1017 1478 25 33 I
1068 1476 123 34 shall
1218 1476 97 34 send

310 1555 157 34 within
491 1562 74 25 one
587 1553 103 34 week
715 1552 123 42 eight
867 1553 90 33 I.W.
989 1552 251 42 registered

315 1631 49 33 in
388 1627 152 38 Dada's
565 1637 49 25 or
638 1627 177 45 Oweny's
839 1637 118 25 name.
1015 1628 26 34 I
1067 1627 122 35 shall

317 1705 97 34 send
441 1714 24 25 a
492 1704 146 32 letter
665 1707 49 30 to
737 1711 78 34 you
841 1702 73 34 the
940 1702 73 43 day
1040 1704 25 32 I
1089 1704 199 41 register

315 1779 101 34 them
441 1778 74 34 and
541 1777 48 34 if
613 1786 77 33 you
716 1776 98 36 fail
840 1780 49 31 to
914 1781 75 38 get
1015 1777 101 34 them
1140 1786 51 25 on

315 1854 73 34 the
414 1854 74 42 day
512 1861 76 34 you
613 1857 73 38 get
710 1861 54 34 my
788 1856 99 30 next
917 1852 146 35 letter
1091 1852 71 35 let

310 1938 53 24 me
387 1928 118 34 know.
561 1927 101 34 That
686 1926 103 35 will
813 1926 50 35 be
890 1928 100 33 time
1015 1927 150 42 enough
1189 1931 50 30 to

315 2011 148 28 answer
490 2002 98 34 this
616 2002 165 34 letter.

309 2080 80 33 How
415 2087 73 25 are
515 2076 73 35 all
615 2076 73 43 thy
715 2076 165 43 family.
936 2078 104 33 Owen
1061 2078 97 40 Tom,

312 2154 145 40 James,
485 2152 198 41 William,
711 2153 44 33 N.
790 2152 73 34 and
889 2161 99 33 poor
1009 2153 155 41 Maggie

814 2228 25 32 I
861 2226 101 43 hope
985 2226 129 34 Uncle
1138 2227 103 34 John

309 2300 104 36 will
441 2310 98 26 soon
563 2300 50 35 be
639 2299 199 35 released
863 2300 50 42 by
935 2300 202 35 Buckshot

309 2377 102 34 What
436 2376 77 34 has
537 2376 151 33 become
714 2375 49 34 of
786 2375 77 34 his
891 2375 121 35 farm?
1065 2377 25 33 I
1111 2375 102 42 hope

312 2451 152 43 nobody
489 2453 49 33 is
562 2450 101 35 base
689 2451 150 42 enough
864 2454 49 31 to
940 2451 98 35 take
1065 2452 47 33 it

309 2528 102 34 Give
434 2537 53 32 my
516 2526 97 34 love
639 2530 49 31 to
712 2527 43 34 D.
783 2527 48 33 M.
863 2526 118 34 bros.
1016 2527 89 33 sis.

439 2604 25 33 I
488 2603 151 33 remain
660 2610 103 34 your
789 2600 299 35 affectionate
1113 2600 176 35 brother

438 2676 177 35 Patrick

314 2754 92 32 P.S.
465 2753 26 33 I
517 2750 121 34 shall
664 2752 199 41 register
890 2751 123 42 eight
1039 2758 250 35 newspapers

314 2836 125 33 every
465 2831 73 30 two
561 2826 171 40 months,
764 2834 49 26 or
840 2826 174 42 perhaps
1036 2824 198 44 monthly,

435 2903 104 33 Your
566 2901 97 35 last
692 2900 147 35 letter
860 2909 78 27 was
965 2905 74 30 too
1062 2901 144 42 heavy.
